@inproceedings{pardo04combining,
  author    = {Alberto Pardo},
  title     = {Combining Datatypes and Effects},
  booktitle = {{Advanced Functional Programming, 5th International School,
               AFP 2004}},
  editor    = {Varmo Vene and
               Tarmo Uustalu},
  publisher = {Springer},
  series    = {Lecture Notes in Computer Science},
  volume    = {3622},
  year      = {2004},
  pages     = {171-209},
  ee        = {http://dx.doi.org/10.1007/11546382_4},
  bibsource = {DBLP, http://dblp.uni-trier.de}
}

@TechReport{fokkinga94monadic,
  author = 	 {M.M. Fokkinga},
  title = 	 {Monadic maps and folds for arbitrary datatypes},
  institution =  {University of Twente},
  year = 	 1994,
  number = 	 {Memoranda Informatica 94-28},
  month = 	 {June}}

@inproceedings{pirog12tracing,
  author    = {Maciej Pir{\'o}g and
               Jeremy Gibbons},
  title     = {Tracing monadic computations and representing effects},
  booktitle = {{Proceedings Fourth Workshop on Mathematically Structured
               Functional Programming}},
  editor = {James Chapman and
               Paul Blain Levy},
  year      = {2012},
  pages     = {90-111},
  series    = {EPTCS},
  volume    = {76},
  ee        = {http://dx.doi.org/10.4204/EPTCS.76.8},
}

@inproceedings{filinski07inductive,
  author    = {Andrzej Filinski and
               Kristian St{\o}vring},
  title     = {Inductive reasoning about effectful data types},
  booktitle     = {{Proceedings of the 12th ACM SIGPLAN International Conference
               on Functional Programming, ICFP 2007}},
  year      = {2007},
  editor    = {Ralf Hinze and
               Norman Ramsey},
  pages     = {97-110},
  ee        = {http://doi.acm.org/10.1145/1291151.1291168},
  bibsource = {DBLP, http://dblp.uni-trier.de}
}

@Book{maclane98,
  author = 	 {Saunders {Mac Lane}},
  title = 	 {{Categories for the Working Mathematician}},
  publisher = 	 {Springer-Verlag},
  year = 	 1998,
  edition = 	 {2nd},
  number =	 5,
  series =	 {Graduate Texts in Mathematics}
}

@InProceedings{atkey12fibrational,
  title = {{Fibrational Induction Meets Effects}},
  author = {Robert Atkey and Neil Ghani and Bart Jacobs and Patricia Johann},
  year = {2012},
  booktitle = {{Foundations of Software Science and Computational Structures}},
  pages = {42-57},
  editor = {Lars Birkedal},
  series = {Lecture Notes in Computer Science},
  volume = {7213},
  publisher = {Springer},
}

@inproceedings{filinski99representing,
  author    = {Andrzej Filinski},
  title     = {Representing Layered Monads},
  year      = 1999,
  editor    = {Andrew W. Appel and
               Alex Aiken},
  booktitle = {{POPL '99, Proceedings of the 26th ACM SIGPLAN-SIGACT Symposium
               on Principles of Programming Languages}},
  pages     = {175-188},
  ee        = {http://doi.acm.org/10.1145/292540.292557},
  bibsource = {DBLP, http://dblp.uni-trier.de}
}



@inproceedings{kiselyov12iteratees,
  author    = {Oleg Kiselyov},
  title     = {Iteratees},
  editor    = {Tom Schrijvers and
               Peter Thiemann},
  booktitle = {{Functional and Logic Programming - 11th International Symposium,
                FLOPS 2012}},
  series    = {Lecture Notes in Computer Science},
  volume    = 7294,
  year      = 2012,
  pages     = {166-181},
  ee        = {http://dx.doi.org/10.1007/978-3-642-29822-6_15},
  bibsource = {DBLP, http://dblp.uni-trier.de}
}

@inproceedings{benton00monads,
  author    = {Nick Benton and
               John Hughes and
               Eugenio Moggi},
  title     = {Monads and Effects},
  editor    = {Gilles Barthe and
               Peter Dybjer and
               Luis Pinto and
               Jo{\~a}o Saraiva},
  booktitle = {{Applied Semantics, International Summer School, APPSEM 2000}},
  series    = {Lecture Notes in Computer Science},
  volume    = 2395,
  year      = 2000,
  pages     = {42-122},
  ee        = {http://dx.doi.org/10.1007/3-540-45699-6_2},
  bibsource = {DBLP, http://dblp.uni-trier.de}
}

@Book{bdm97,
  author =	 {R. S. Bird and O.\ de Moor},
  title = 	 {{Algebra of Programming}},
  publisher = 	 {Prentice Hall},
  year = 	 1997,
}

@InCollection{gibbons03origami,
  author =       {Jeremy Gibbons},
  title =        {Origami programming},
  booktitle =    {The fun of programming},
  publisher = {Palgrave},
  year =      2003,
  editor =    {Jeremy Gibbons and Oege de Moor},
  series =    {Cornerstones in Computing}}

@article{ moggi91notions,
    author = "Eugenio Moggi",
    title = {{Notions of Computation and Monads}},
    journal = {{Information and Computation}},
    volume = "93",
    number = "1",
    pages = "55-92",
    year = "1991",
    url = "citeseer.nj.nec.com/moggi89notions.html" }

@inproceedings{peytonjones93imperative,
  author    = {Simon L. {Peyton Jones} and
               Philip Wadler},
  editor    = {Mary S. Van Deusen and
               Bernard Lang},
  title     = {{Imperative Functional Programming}},
  booktitle = {{POPL'93. Conference Record of the Twentieth Annual ACM SIGPLAN-SIGACT
               Symposium on Principles of Programming Languages}},
  year      = 1993,
  pages     = {71-84},
  bibsource = {DBLP, http://dblp.uni-trier.de}
}
